Untuk setiap referensi, baris pertama (newton1687) merupakan label dan baris-baris berikutnya
merupakan atribut dari referensi yang akan digunakan. Umumnya, format referensi berikut sudah
disediakan oleh penyedia sumber referensi secara online dan bisa langsung ditaruh di sini.

Lihat https://www.bibtex.com/g/bibtex-format/ untuk informasi lebih lanjut mengenai format
BibTex yang digunakan pada file ini.

@article{newton1687,
  author  = {Isaac Newton},
  journal = {Philosophi√¶ Naturalis Principia Mathematica},
  title   = {Axioms or Laws of Motion},
  year    = {1687}
}

@misc{cetakbiruspacex,
  title   = {Cetak Biru Space X},
  url     = {https://id.pinterest.com/pin/344032859037191430/},
  urldate = {2021-05-18},
  year    = {2021}
}
